@article{glucksberg,
  title={The influence of strength of drive on functional fixedness and perceptual recognition.},
  author={Glucksberg, Sam},
  journal={Journal of Experimental Psychology},
  volume={63},
  number={1},
  pages={36},
  year={1962},
  publisher={American Psychological Association}
}

@online{DanPink,
  author = {Dan Pink},
  title = {The puzzle of motivation},
  year = 2009,
  url = {http://www.ted.com/talks/dan\_pink\_on\_motivation/transcript?language=en},
  urldate = {2009-7}
}

@online{ORKwiki,
  author = {Wikipedia},
  title = {Objectives and Key Results},
  url = {http://en.wikipedia.org/wiki/OKR}
}

@online{OKRGV,
  author = {Google Venture},
  title = {How Google sets goals: OKRs},
  url = {https://www.youtube.com/watch?v=mJB83EZtAjc}
}

